
@misc{ug347,
	author = {Xilinx},
	title = {UG347 ML505/ML506/ML507 Evaluation Platform, User Guide},
	note={[Online] Available: \url{http://www.xilinx.com/support/documentation/user\_guides/ug347.pdf}},
	year = {2006}
} 



@misc{4gtxs,
	author = {Xilinx},
	title = {ML507 Four GTXs iBERT Quickstart},
	note={[Online] Available: \url{http://www.xilinx.com/products/boards/ml507/ml507\_10.1\_1/docs/ ml507\_ibert\_4gtxs\_quickstart.pdf}},
	year = {2006}
} 

@misc{ug198,
	author = {Xilinx},
	title = {UG198 Virtex-5 FPGA RocketIO GTX Transceiver User Guide},
	note={[Online] Available: \url{http://www.xilinx.com/support/documentation/user\_guides/ug198.pdf}},
	year = {2006}
} 


@misc{ug366,
	author = {Xilinx},
	title = {UG366 Virtex-6 FPGA GTX Transceiver}, 
	note={[Online] Available: \url{http://www.xilinx.com/support/documentation/user\_guides/u366.pdf}},
	year = {2009}
} 

@misc{sim1,
	author = {A. A. Ortega and V. A. Bettachini and J. I. Alvarez-Hamelin},
	title = {ECC-chain simulator},
	note={[Online] Available: \url{http://code.google.com/p/eccchain/}},
	year = {2008}
}

