@inproceedings{nikitin2007overview,
  title={An overview of near field UHF RFID},
  author={Nikitin, Pavel V and Rao, KVS and Lazar, Steve},
  booktitle={IEEE international Conference on RFID},
  volume={167},
  year={2007},
  organization={Citeseer}
}

@book{thomas2002verilog,
  title={The Verilog{\textregistered} Hardware Description Language},
  author={Thomas, Donald E and Moorby, Philip R},
  volume={2},
  year={2002},
  publisher={Springer Science \& Business Media}
}

@article{mccabe1976complexity,
  title={A complexity measure},
  author={McCabe, Thomas J},
  journal={Software Engineering, IEEE Transactions on},
  number={4},
  pages={308--320},
  year={1976},
  publisher={IEEE}
}


@article{song2005fast,
  title={Fast hash table lookup using extended bloom filter: an aid to network processing},
  author={Song, Haoyu and Dharmapurikar, Sarang and Turner, Jonathan and Lockwood, John},
  journal={ACM SIGCOMM Computer Communication Review},
  volume={35},
  number={4},
  pages={181--192},
  year={2005},
  publisher={ACM}
}


@book{wicker1999reed,
  title={Reed-Solomon codes and their applications},
  author={Wicker, Stephen B and Bhargava, Vijay K},
  year={1999},
  publisher={John Wiley \& Sons}
}

@inproceedings{richardson2003error,
  title={Error floors of LDPC codes},
  author={Richardson, Tom},
  booktitle={Proceedings of the annual Allerton conference on communication control and computing},
  volume={41},
  number={3},
  pages={1426--1435},
  year={2003},
  organization={The University; 1998}
}

@article{gnanajeyaraman2009audio,
  title={Audio encryption using higher dimensional chaotic map},
  author={Gnanajeyaraman, R and Prasadh, K and others},
  year={2009},
  publisher={Citeseer}
}

@misc{ armoredshield,
	author = "armoredshield",
	title = "Armored SPON",
	url = "http://www.armoredshield.com/armored-spon.html",
	month = aug,
	year = "2012"
}
  
@misc{ arcelect,
	author = "Arcelect",
	title = "AES Encrypted Modem",
	url = "http://www.arcelect.com/Encrypted_AES_Modem.htm",
	month = aug,
	year = "2014"
}


@inproceedings{chanclou2013france,
  title={France Telecom's PON deployment, learnt lessons and next steps},
  author={Chanclou, Philippe and Capelle, B and Charbonnier, B and Courant, JL and Denis, Y and Genay, N and Gosselin, S and Kurz, D and Landousies, B and Le Bris, E and others},
  booktitle={Optical Fiber Communication Conference, Proc. OFC/NFOEC},
  year={2013}
}

@article{neri2008gallager,
  title={Gallager error-correcting codes for binary asymmetric channels},
  author={Neri, Izaak and Skantzos, NS and Boll{\'e}, D{\'e}sir{\'e}},
  journal={Journal of Statistical Mechanics: Theory and Experiment},
  volume={2008},
  number={10},
  pages={P10018},
  year={2008},
  publisher={IOP Publishing}
}

@article{berger1961note,
  title={A note on error detection codes for asymmetric channels},
  author={Berger, Jay M},
  journal={Information and Control},
  volume={4},
  number={1},
  pages={68--73},
  year={1961},
  publisher={Elsevier}
}

@phdthesis{kohnfelder1978towards,
  title={Towards a practical public-key cryptosystem},
  author={Kohnfelder, Loren M},
  year={1978},
  school={Massachusetts Institute of Technology}
}

@article{jennewein2000quantum,
  title={Quantum cryptography with entangled photons},
  author={Jennewein, Thomas and Simon, Christoph and Weihs, Gregor and Weinfurter, Harald and Zeilinger, Anton},
  journal={Physical Review Letters},
  volume={84},
  number={20},
  pages={4729},
  year={2000},
  publisher={APS}
}

@article{muller1993experimental,
  title={Experimental demonstration of quantum cryptography using polarized photons in optical fibre over more than 1 km},
  author={Muller, Antoine and Breguet, J and Gisin, N},
  journal={EPL (Europhysics Letters)},
  volume={23},
  number={6},
  pages={383},
  year={1993},
  publisher={IOP Publishing}
}

@article{alleaume2004experimental,
  title={Experimental open-air quantum key distribution with a single-photon source},
  author={All{\'e}aume, Romain and Treussart, Fran{\c{c}}ois and Messin, Ga{\"e}tan and Dumeige, Yannick and Roch, Jean-Fran{\c{c}}ois and Beveratos, Alexios and Brouri-Tualle, Rosa and Poizat, Jean-Philippe and Grangier, Philippe},
  journal={New Journal of physics},
  volume={6},
  number={1},
  pages={92},
  year={2004},
  publisher={IOP Publishing}
}
@inproceedings{bb84,
    address = {New York},
    author = {Bennett, C. H. and Brassard, G.},
    booktitle = {Proceedings of the IEEE International Conference on Computers, Systems and Signal Processing},
    citeulike-article-id = {3054205},
    keywords = {cryptography, information, quantum},
    location = {Bangalore, India},
    pages = {175--179},
    posted-at = {2011-04-10 12:01:38},
    priority = {2},
    publisher = {IEEE Press},
    title = {{Quantum Cryptography: Public Key Distribution and Coin Tossing}},
    year = {1984}
}


@inproceedings{krawczyk2001order,
  title={The order of encryption and authentication for protecting communications (or: How secure is SSL?)},
  author={Krawczyk, Hugo},
  booktitle={Advances in Cryptology—CRYPTO 2001},
  pages={310--331},
  year={2001},
  organization={Springer}
}

@article{firasta2008intel,
  title={Intel avx: New frontiers in performance improvements and energy efficiency},
  author={Firasta, Nadeem and Buxton, Mark and Jinbo, Paula and Nasri, Kaveh and Kuo, Shihjong},
  journal={Intel white paper},
  year={2008}
}

@inproceedings{argyros2012forgot,
  title={I Forgot Your Password: Randomness Attacks Against PHP Applications.},
  author={Argyros, George and Kiayias, Aggelos},
  booktitle={USENIX Security Symposium},
  pages={81--96},
  year={2012}
}
}
@inproceedings{mikulka2007cck,
  title={CCK and barker coding implementation in IEEE 802.11 b standard},
  author={Mikulka, J and Hanus, S},
  booktitle={Radioelektronika, 2007. 17th International Conference},
  pages={1--4},
  year={2007},
  organization={IEEE}
}

@article{park1988random,
  title={Random number generators: good ones are hard to find},
  author={Park, Stephen K. and Miller, Keith W.},
  journal={Communications of the ACM},
  volume={31},
  number={10},
  pages={1192--1201},
  year={1988},
  publisher={ACM}
}

@article{matsumoto1998mersenne,
  title={Mersenne twister: a 623-dimensionally equidistributed uniform pseudo-random number generator},
  author={Matsumoto, Makoto and Nishimura, Takuji},
  journal={ACM Transactions on Modeling and Computer Simulation (TOMACS)},
  volume={8},
  number={1},
  pages={3--30},
  year={1998},
  publisher={ACM}
}

@inproceedings{brack2007low,
  title={Low complexity LDPC code decoders for next generation standards},
  author={Brack, Torben and Alles, Matthias and Lehnigk-Emden, Timo and Kienle, Frank and Wehn, Norbert and L'Insalata, Nicola E and Rossi, Francesco and Rovini, Massimo and Fanucci, Luca},
  booktitle={Proceedings of the conference on Design, automation and test in Europe},
  pages={331--336},
  year={2007},
  organization={EDA Consortium}
}

@book{Menezes:1996:HAC:548089,
 author = {Menezes, Alfred J. and Vanstone, Scott A. and Oorschot, Paul C. Van},
 title = {Handbook of Applied Cryptography},
 year = {1996},
 isbn = {0849385237},
 edition = {1st},
 publisher = {CRC Press, Inc.},
 address = {Boca Raton, FL, USA},
} 


@inproceedings{coppersmith1994shrinking,
  title={The shrinking generator},
  author={Coppersmith, Don and Krawczyk, Hugo and Mansour, Yishay},
  booktitle={Advances in Cryptology—Crypto’93},
  pages={22--39},
  year={1994},
  organization={Springer}
}

@article{gold1967optimal,
  title={Optimal binary sequences for spread spectrum multiplexing (corresp.)},
  author={Gold, Robert},
  journal={Information Theory, IEEE Transactions on},
  volume={13},
  number={4},
  pages={619--621},
  year={1967},
  publisher={IEEE}
}
@article{liforward,
  title={Forward Error Correction for 400 Gbps High Speed Optical Fiber Links},
  author={Li, Bomin and Larsen, Knud J and Zibar, Darko and Monroy, Idelfonso Tafur},
  journal={Forward Error Correcting Codes for 100 Gbit/s Optical Communication Systems}
}
@article{nadarajah2006implementation,
  title={Implementation of multiple secure virtual private networks over passive optical networks using electronic CDMA},
  author={Nadarajah, Nishaanthan and Wong, Elaine and Nirmalathas, Ampalavanapillai},
  journal={Photonics Technology Letters, IEEE},
  volume={18},
  number={3},
  pages={484--486},
  year={2006},
  publisher={IEEE}
}
@inproceedings{cincotti2009secure,
  title={Secure OCDM-Based PON},
  author={Cincotti, Gabriella and Wada, Naoya and Kitayama, Ken-ichi},
  booktitle={Optical Fiber Communication Conference},
  pages={OThI6},
  year={2009},
  organization={Optical Society of America}
}
@article{kramer2002ethernet,
  title={Ethernet passive optical network (EPON): building a next-generation optical access network},
  author={Kramer, Glen and Pesavento, Gerry},
  journal={Communications magazine, IEEE},
  volume={40},
  number={2},
  pages={66--73},
  year={2002},
  publisher={IEEE}
}
@inproceedings{tanakamaru201195,
  title={95\%-lower-BER 43\%-lower-power intelligent Solid-State Drive (SSD) with asymmetric coding and stripe pattern elimination algorithm},
  author={Tanakamaru, Shuhei and Hung, Chinglin and Esumi, Atsushi and Ito, Mitsuyoshi and Li, Kai and Takeuchi, Ken},
  booktitle={Solid-State Circuits Conference Digest of Technical Papers (ISSCC), 2011 IEEE International},
  pages={204--206},
  year={2011},
  organization={IEEE}
}
@article{lydersen2010hacking,
  title={Hacking commercial quantum cryptography systems by tailored bright illumination},
  author={Lydersen, Lars and Wiechers, Carlos and Wittmann, Christoffer and Elser, Dominique and Skaar, Johannes and Makarov, Vadim},
  journal={Nature photonics},
  volume={4},
  number={10},
  pages={686--689},
  year={2010},
  publisher={Nature Publishing Group}
}
@article{diffie1976new,
  title={New directions in cryptography},
  author={Diffie, Whitfield and Hellman, Martin E},
  journal={Information Theory, IEEE Transactions on},
  volume={22},
  number={6},
  pages={644--654},
  year={1976},
  publisher={IEEE}
}
@article{sasaki2011field,
  title={Field test of quantum key distribution in the Tokyo QKD Network},
  author={Sasaki, Masahide and Fujiwara, M and Ishizuka, H and Klaus, W and Wakui, K and Takeoka, M and Miki, S and Yamashita, T and Wang, Z and Tanaka, A and others},
  journal={Optics Express},
  volume={19},
  number={11},
  pages={10387--10409},
  year={2011},
  publisher={Optical Society of America}
}
@article{grosshans2003quantum,
  title={Quantum key distribution using gaussian-modulated coherent states},
  author={Grosshans, Fr{\'e}d{\'e}ric and Van Assche, Gilles and Wenger, J{\'e}r{\^o}me and Brouri, Rosa and Cerf, Nicolas J and Grangier, Philippe},
  journal={Nature},
  volume={421},
  number={6920},
  pages={238--241},
  year={2003},
  publisher={Nature Publishing Group}
}
@article{liu2002synchronized,
  title={Synchronized chaotic optical communications at high bit rates},
  author={Liu, Jia-ming and Chen, How-Foo and Tang, Shuo},
  journal={Quantum Electronics, IEEE Journal of},
  volume={38},
  number={9},
  pages={1184--1196},
  year={2002},
  publisher={IEEE}
}

@article{jung2008demonstration,
  title={Demonstration of 10 Gbps, all-optical encryption and decryption system utilizing SOA XOR logic gates},
  author={Jung, Young Jin and Son, Chang Wan and Lee, Seok and Gil, Sangkeun and Kim, Hyung Seok and Park, Namkyoo},
  journal={Optical and quantum electronics},
  volume={40},
  number={5-6},
  pages={425--430},
  year={2008},
  publisher={Springer}
}

@techreport{coding1999consultative,
  title={Consultative Committee for Space Data Systems},
  author={Coding, Telemetry Channel},
  year={1999},
  institution={CCSDS 101.0-B-4, May}
}

@article{bose1960class,
  title={On a class of error correcting binary group codes},
  author={Bose, Raj Chandra and Ray-Chaudhuri, Dwijendra K},
  journal={Information and control},
  volume={3},
  number={1},
  pages={68--79},
  year={1960},
  publisher={Elsevier}
}

@article{reed1960polynomial,
  title={Polynomial codes over certain finite fields},
  author={Reed, Irving S and Solomon, Gustave},
  journal={Journal of the Society for Industrial \& Applied Mathematics},
  volume={8},
  number={2},
  pages={300--304},
  year={1960},
  publisher={SIAM}
}

@book{forney1966concatenated,
  title={Concatenated codes},
  author={Forney, G David and Forney, G David},
  volume={11},
  year={1966},
  publisher={Citeseer}
}

@misc{gallagherfips,
  title={Fips pub 186-4: Digital signature standard, dss (2013)},
  author={Gallagher, P and Kerry, C}
}


@misc{Algotronix,
	author = {Algotronix},
	title = {Algotronix releases encryption IP cores for OTN 400 Gbps},
	url = {http://www.chipestimate.com/news/28314/Algotronix-releases-encryption-IP-cores-for-OTN-},
	year = {2014}
}

@misc{Xilinx:DS252,
	author = {Xilinx},
	title = {LogiCORE IP Reed-Solomon Decoder v7.1 Data Sheet},
	url = {http://www.xilinx.com/support/documentation/ip_documentation/rs_decoder_ds252.pdf},
	year = {2011}
}

@misc{Xilinx:DS865,
	author = {Xilinx},
	title = {LogiCORE IP MicroBlaze Micro Controller System},
	url = {http://www.xilinx.com/support/documentation/sw_manuals/xilinx13_4/ds865\_microblaze\_mcs.pdf},
	year = {2012}
}


@misc{ Xilinx:DS251,
	author = "Xilinx",
	title = "LogiCORE IP Reed-Solomon Encoder v7.1 Data Sheet",
	url = "http://www.xilinx.com/support/documentation/ip_documentation/rs_encoder_ds251.pdf",
	month = mar,
	year = "2011"
}

@misc{ libfec,
	author = "Phil Karn",
	title = "Biblioteca de algoritmos de corrección de errores",
	url = "http://www.ka9q.net/code/fec/",
	month = aug,
	year = "2007"
}


@book{MacKay:2002,
 author = {MacKay, David J. C.},
 title = {Information Theory, Inference \& Learning Algorithms},
 year = {2002},
 isbn = {0521642981},
 publisher = {Cambridge University Press},
 address = {New York, NY, USA},
 } 


 @article{shannon48,
  added-at = {2013-12-17T10:51:05.000+0100},
  author = {Shannon, Claude},
  biburl = {http://www.bibsonomy.org/bibtex/244eefdcbe008f7f0406568a9bc9f896e/jullybobble},
  interhash = {754130207906fcec16a53d330eeff348},
  intrahash = {44eefdcbe008f7f0406568a9bc9f896e},
  journal = {Bell System Technical Journal},
  key = {Shannon},
  keywords = {intro phd},
  month = {July, October},
  pages = {379--423, 623--656},
  timestamp = {2013-12-17T10:51:05.000+0100},
  title = {A Mathematical Theory of Communication},
  url = {http://cm.bell-labs.com/cm/ms/what/shannonday/shannon1948.pdf},
  volume = 27,
  year = 1948
}

 @article{vaudenay2007passive,
  title={Passive--only key recovery attacks on RC4},
  author={Vaudenay, Serge and Vuagnoux, Martin},
  booktitle={Selected Areas in Cryptography},
  pages={344--359},
  year={2007},
  organization={Springer}
}

@article{10.1109/TC.2012.19,

  author = {Sourav Sen Gupta and A. Chattopadhyay and K. Sinha and S. Maitra and B. P. Sinha},
  title = {High-Performance Hardware Implementation for RC4 Stream Cipher},
  journal ={IEEE Transactions on Computers},
  volume = {62},
  number = {4},
  issn = {0018-9340},
  year = {2013},
  pages = {730-743},
  doi = {http://doi.ieeecomputersociety.org/10.1109/TC.2012.19},
  publisher = {IEEE Computer Society},
  address = {Los Alamitos, CA, USA}
 }
 
@inproceedings{Sepehrdad:2011:SAR:2008684.2008712,
 author = {Sepehrdad, Pouyan and Vaudenay, Serge and Vuagnoux, Martin},
 title = {Statistical Attack on RC4 Distinguishing WPA},
 booktitle = {Proceedings of the 30th Annual International Conference on Theory and Applications of Cryptographic Techniques: Advances in Cryptology},
 series = {EUROCRYPT'11},
 year = {2011},
 isbn = {978-3-642-20464-7},
 location = {Tallinn, Estonia},
 pages = {343--363},
 numpages = {21},
 url = {http://dl.acm.org/citation.cfm?id=2008684.2008712},
 acmid = {2008712},
 publisher = {Springer-Verlag},
 address = {Berlin, Heidelberg},
} 

@inproceedings{citeulike:6647003,
    address = {Amsterdam},
    author = {Cobham, Alan},
    booktitle = {Logic, Methodology and Philosophy of Science, proceedings of the second International Congress, held in Jerusalem, 1964},
    citeulike-article-id = {6647003},
    editor = {Bar-Hillel, Y.},
    keywords = {file-import-10-02-09},
    posted-at = {2010-02-09 19:23:26},
    priority = {2},
    publisher = {North-Holland},
    title = {The Intrinsic Computational Difficulty of Functions},
    year = {1965}
}




@article{citeulike:12800468,
    address = {San Jose, CA, USA},
    author = {Hanspach, Michael and Goetz, Michael},
    citeulike-article-id = {12800468},
    citeulike-linkout-0 = {http://dx.doi.org/10.12720/jcm.8.11.758-767},
    citeulike-linkout-1 = {http://www.jocm.us/index.php?m=content\&\#38;c=index\&\#38;a=show\&\#38;catid=124\&\#38;id=600},
    doi = {10.12720/jcm.8.11.758-767},
    editor = {Makki, Kia and Wang, Haohong},
    issn = {1796-2021},
    journal = {Journal of Communications},
    keywords = {acoustic, covertchannel, malware, mesh, network, wireless},
    month = nov,
    number = {11},
    pages = {758--767},
    posted-at = {2013-11-26 00:33:50},
    priority = {3},
    publisher = {ETPub},
    title = {On Covert Acoustical Mesh Networks in Air},
    url = {http://www.jocm.us/index.php?m=content\&\#38;c=index\&\#38;a=show\&\#38;catid=124\&\#38;id=600},
    volume = {8},
    year = {2013}
}
@misc{august2002apparatus,
  title={Apparatus and method for initiating a transaction having acoustic data receiver that filters human voice},
  author={August, K.G. and Sizer, T.I. and Wright, G.A.},
  url={http://www.google.com/patents/CA2232316C?cl=en},
  year={2002},
  month=jun # "~11",
  publisher={Google Patents},
  note={CA Patent 2,232,316}
}



@article{Goodrich:2009:UAS:1509221.1509226,
 author = {Goodrich, Michael T. and Sirivianos, Michael and Solis, John and Soriente, Claudio and Tsudik, Gene and Uzun, Ersin},
 title = {Using Audio in Secure Device Pairing},
 journal = {Int. J. Secur. Netw.},
 issue_date = {February 2009},
 volume = {4},
 number = {1/2},
 month = feb,
 year = {2009},
 issn = {1747-8405},
 pages = {57--68},
 numpages = {12},
 url = {http://dx.doi.org/10.1504/IJSN.2009.023426},
 doi = {10.1504/IJSN.2009.023426},
 acmid = {1509226},
 publisher = {Inderscience Publishers},
 address = {Inderscience Publishers, Geneva, SWITZERLAND},
 keywords = {MITM, audio channel, human\&\#45;assisted authentication, man\&\#45;in\&\#45;, personal devices, secure device pairing, secure pairing, security, the\&\#45;middle attacks},
} 

@INPROCEEDINGS{4912753,
author={Kumar, A and Saxena, N. and Tsudik, G. and Uzun, E.},
booktitle={Pervasive Computing and Communications, 2009. PerCom 2009. IEEE International Conference on},
title={Caveat eptor: A comparative study of secure device pairing methods},
year={2009},
month={March},
pages={1-10},
keywords={computer bootstrapping;radiocommunication;telecommunication channels;telecommunication security;Evil Twin attacks;MiTM attacks;acoustic;auxiliary human-perceptible channels;caveat emptor;device pairing process;human-imperceptible channels;human-imperceptible communication channel;information exchange authentication;man-in-the-middle attack;secure channel bootstrapping;secure device pairing methods;secure pairing;tactile;trust infrastructure;wireless communication channel;Bluetooth;Cameras;Communication system security;Computer science;Hardware;Humans;Personal digital assistants;Usability;Wireless communication;Wireless sensor networks},
doi={10.1109/PERCOM.2009.4912753},}

@INPROCEEDINGS{6476559,
author={Ortega, AA and Bettachini, V.A and Alvarez-Hamelin, J.I and Grosz, D.F.},
booktitle={Future Generation Communication Technology (FGCT), 2012 International Conference on},
title={Hamming-weight minimisation coding for CDMA optical access networks with enhanced security},
year={2012},
month={Dec},
pages={185-189},
keywords={code division multiple access;optical fibre subscriber loops;telecommunication congestion control;telecommunication network planning;telecommunication security;CDMA optical access networks;Hamming-weight minimisation coding;Hamming-weight minimization coding algorithm;channel utilisation;cryptographically secure point-to-point communication;encrypted Bloom filter;end-user bandwidth utilisation;enhanced security;passive optical hub;point-to-multipoint communication;time-hopping CDMA optical fiber network;Adaptive optics;Bandwidth;Bit error rate;Cryptography;Multiaccess communication;Optical transmitters},
doi={10.1109/FGCT.2012.6476559},}

@article{gordon2005hearing,
  title={Hearing loss and aging: new research findings and clinical implications},
  author={Gordon-Salant, Sandra},
  journal={Journal of rehabilitation research and development},
  volume={42},
  number={4},
  pages={9},
  year={2005},
  publisher={REHIBILITATION RESEARCH \& DEVELOPMENT SERVICE}
}

@article{gallagerpress,
  title={MIT press, 1963},
  author={Gallager, RG and Codes, Low-Density Parity-Check},
  journal={Low-Density Parity-Check Codes}
}


@misc{RS14,
  author =       { Ronald L. Rivest and Jacob C. N. Schuldt },
  title =        { {Spritz}---A spongy {RC4}-like stream cipher and hash function },
  date =         { 2014-08-19 },
  OPTyear =      { 2014 },
  OPTmonth =     { August 19, },                  
  note =         { Presented at Charles River Crypto Day (2014-10-24). },                  
  urla =         { <a href="http://bostoncryptoday.wordpress.com/2014/09/07/friday-october-24-2014-at-mit/">crypto-day</a> },                  
}
