@Misc{ ug347,
	title = "{Xilinx UG347 ML505/ML506/ML507 Evaluation Platform, User Guide\\ {\tt http://www.xilinx.com/support/documentation/user\\\_guides/ug347.pdf}}",
	organization = "Xilinx",
	year = "2006"
}

@Misc{ IEEEexample:datasheet,
	title = "{PDCA12-70} Data Sheet",
	organization = "Opto Speed SA",
	address = "Mezzovico, Switzerland"
}

@Misc{ 4gtxs,
	title = "{ML507 Four GTXs iBERT Quickstart \\{\tt \small http://www.xilinx.com/products/boards/ml507/ml507\\\_10.1\\\_1/docs/ ml507\_ibert\_4gtxs\_quickstart.pdf}}",
	organization = "Xilinx",
	year = "2006"
}

@Misc{ ug198,
	title = "{Xilinx UG198 Virtex-5 FPGA RocketIO GTX Transceiver, User Guide \\{\tt http://www.xilinx.com/support/documentation/user\\\_guides/ug198.pdf}}",
	organization = "Xilinx",
	year = "2006"
}

@Misc{ ug366,
	title = "{Xilinx UG366 Virtex-6 FPGA GTX Transceiver \\ {\tt http://www.xilinx.com/support/documentation/user\\\_guides/u366.pdf}}",
	organizaton = "Xilinx",
	year = "2009"
}

@Misc{ sim1,
	title = "{ECC-chain simulator: {\tt http://code.google.com/p/eccchain/}}",
	author = "A. A. Ortega and V. A. Bettachini and J. I. Alvarez-Hamelin",
	year = "2008"
}

